@phdthesis{Haupt_2017, series={Electronic Theses and Dissertations (ETDs) 2008+}, title={Mesoscale Brain Explorer, a flexible Python-based image analysis and visualization tool}, url={https://open.library.ubc.ca/cIRcle/collections/24/items/1.0354398}, DOI={http://dx.doi.org/10.14288/1.0354398}, school={University of British Columbia}, author={Haupt, Cornelis Dirk}, year={2017}, collection={Electronic Theses and Dissertations (ETDs) 2008+}}

@article{haupt2017mesoscale,
  title={Mesoscale brain explorer, a flexible python-based image analysis and visualization tool},
  author={Haupt, Dirk and Vanni, Matthieu P and Bolanos, Federico and Mitelut, Catalin and LeDue, Jeffrey M and Murphy, Tim H},
  journal={Neurophotonics},
  volume={4},
  number={3},
  pages={031210--031210},
  year={2017},
  publisher={International Society for Optics and Photonics}
}

@article{murphy2016high,
  title={High-throughput automated home-cage mesoscopic functional imaging of mouse cortex},
  author={Murphy, Timothy H and Boyd, Jamie D and Bola{\~n}os, Federico and Vanni, Matthieu P and Silasi, Gergely and Haupt, Dirk and LeDue, Jeff M},
  journal={Nature communications},
  volume={7},
  year={2016},
  publisher={Nature Publishing Group}
}